<record><leader>00000cas a2200000 a 4500</leader><controlfield tag="001">29991653</controlfield><controlfield tag="008">940321d1uuu1990ilucr ne      0   a0eng c</controlfield><datafield ind1=" " ind2=" " tag="010"><subfield code="a">sn 94054356 </subfield></datafield><datafield ind1=" " ind2=" " tag="040"><subfield code="a">NVF</subfield><subfield code="b">eng</subfield><subfield code="c">NVF</subfield><subfield code="d">OCLCQ</subfield><subfield code="d">CVF</subfield><subfield code="d">NVF</subfield><subfield code="d">OCLCQ</subfield><subfield code="d">OCLCF</subfield><subfield code="d">OCLCO</subfield><subfield code="d">NVF</subfield></datafield><datafield ind1=" " ind2=" " tag="042"><subfield code="a">pcc</subfield></datafield><datafield ind1=" " ind2=" " tag="043"><subfield code="a">n-us-il</subfield></datafield><datafield ind1="0" ind2="4" tag="245"><subfield code="a">The St. Charles chronicle.</subfield></datafield><datafield ind1="3" ind2=" " tag="246"><subfield code="a">Saint Charles chronicle</subfield></datafield><datafield ind1=" " ind2=" " tag="260"><subfield code="a">St. Charles, Kane County, Ill. :</subfield><subfield code="b">Albert L. Hall,</subfield><subfield code="c">-1990.</subfield></datafield><datafield ind1=" " ind2=" " tag="300"><subfield code="a">volumes</subfield></datafield><datafield ind1=" " ind2=" " tag="310"><subfield code="a">Semiweekly,</subfield><subfield code="b">Mar. 13, 1981-1990</subfield></datafield><datafield ind1=" " ind2=" " tag="321"><subfield code="a">Weekly,</subfield><subfield code="b">&lt;June 8, 1900&gt;-Mar. 11, 1981</subfield></datafield><datafield ind1="0" ind2=" " tag="362"><subfield code="a">-v. 107, no. 68 (Mar. 2, 1990).</subfield></datafield><datafield ind1=" " ind2=" " tag="580"><subfield code="a">Merged with: Batavia chronicle, and: Geneva chronicle, and: Elburn chronicle, to form: Kane County chronicle.</subfield></datafield><datafield ind1=" " ind2=" " tag="588"><subfield code="a">Description based on: Vol. 17, no. 40 (Mar. 4, 1898).</subfield></datafield><datafield ind1=" " ind2="0" tag="651"><subfield code="a">Saint Charles (Ill.)</subfield><subfield code="v">Newspapers.</subfield></datafield><datafield ind1=" " ind2="7" tag="651"><subfield code="a">Illinois</subfield><subfield code="z">Saint Charles.</subfield><subfield code="2">fast</subfield><subfield code="0">(OCoLC)fst01216593</subfield></datafield><datafield ind1=" " ind2="7" tag="655"><subfield code="a">Newspapers.</subfield><subfield code="2">fast</subfield><subfield code="0">(OCoLC)fst01423814</subfield></datafield><datafield ind1=" " ind2=" " tag="752"><subfield code="a">United States</subfield><subfield code="b">Illinois</subfield><subfield code="c">Kane County</subfield><subfield code="d">Saint Charles.</subfield></datafield><datafield ind1="0" ind2="0" tag="780"><subfield code="t">Valley chronicle (Saint Charles, Ill. : 1881)</subfield><subfield code="w">(DLC)sn 87082351</subfield><subfield code="w">(OCoLC)15303186</subfield></datafield><datafield ind1="1" ind2="7" tag="785"><subfield code="t">Batavia chronicle</subfield><subfield code="w">(DLC)sn 94054358</subfield><subfield code="w">(OCoLC)29992209</subfield></datafield><datafield ind1="1" ind2="7" tag="785"><subfield code="t">Geneva chronicle</subfield><subfield code="w">(DLC)sn2009271163</subfield><subfield code="w">(OCoLC)436454424</subfield></datafield><datafield ind1="1" ind2="7" tag="785"><subfield code="t">Elburn chronicle</subfield></datafield><datafield ind1="1" ind2="7" tag="785"><subfield code="t">Kane County chronicle</subfield><subfield code="w">(DLC)sn 94054357</subfield><subfield code="w">(OCoLC)29991865</subfield></datafield><datafield ind1="1" ind2=" " tag="029"><subfield code="a">AU@</subfield><subfield code="b">000010929056</subfield></datafield></record>